<record><leader>00000cas a2200000 a 4500</leader><controlfield tag="001">32261835</controlfield><controlfield tag="007">hd bfu---baat</controlfield><controlfield tag="007">hd afu---bact</controlfield><controlfield tag="008">950406d18931901nbuwr nea     0    0ger d</controlfield><datafield ind1=" " ind2=" " tag="010"><subfield code="a">sn 95069289 </subfield></datafield><datafield ind1=" " ind2=" " tag="040"><subfield code="a">NVG</subfield><subfield code="b">eng</subfield><subfield code="c">NVG</subfield><subfield code="d">DLC</subfield><subfield code="d">OCL</subfield><subfield code="d">OCLCQ</subfield><subfield code="d">OCLCF</subfield><subfield code="d">OCLCO</subfield></datafield><datafield ind1="1" ind2=" " tag="029"><subfield code="a">AU@</subfield><subfield code="b">000022177924</subfield></datafield><datafield ind1=" " ind2=" " tag="042"><subfield code="a">msc</subfield></datafield><datafield ind1=" " ind2=" " tag="043"><subfield code="a">n-us-nb</subfield></datafield><datafield ind1="0" ind2="0" tag="245"><subfield code="a">Grand Island Anzeiger und Herold</subfield><subfield code="h">[microform].</subfield></datafield><datafield ind1="3" ind2="0" tag="246"><subfield code="a">Anzeiger und Herold</subfield></datafield><datafield ind1="3" ind2="0" tag="246"><subfield code="a">Sonntags-Blatt des Anzeiger und Herold</subfield></datafield><datafield ind1=" " ind2=" " tag="260"><subfield code="a">Grand Island, Neb. :</subfield><subfield code="b">J.P. Windolph,</subfield><subfield code="c">1893-1901.</subfield></datafield><datafield ind1=" " ind2=" " tag="300"><subfield code="a">v.</subfield></datafield><datafield ind1=" " ind2=" " tag="310"><subfield code="a">Weekly,</subfield><subfield code="b">&lt;1898&gt;-1901</subfield></datafield><datafield ind1=" " ind2=" " tag="321"><subfield code="a">Weekly,</subfield><subfield code="b">1893-3. Apr. 1896</subfield></datafield><datafield ind1=" " ind2=" " tag="321"><subfield code="a">Semiweekly,</subfield><subfield code="b">&lt;5.&gt; Apr. 1896-&lt;1898&gt;</subfield></datafield><datafield ind1="0" ind2=" " tag="362"><subfield code="a">Jahrg. 4, Nr. 32 (21. Apr. 1893)-Jahrg. 21, Nr. 27 (8. Ma&#776;rz 1901).</subfield></datafield><datafield ind1=" " ind2=" " tag="500"><subfield code="a">On Sundays published as: Sonntags-Blatt des Anzeiger und Herold, &lt;5.&gt; Apr. 1896-&lt;1898&gt;.</subfield></datafield><datafield ind1=" " ind2=" " tag="515"><subfield code="a">Jahrg. 5, Nr. 17-Jahrg. 14, Nr. 16 not published.</subfield></datafield><datafield ind1=" " ind2=" " tag="546"><subfield code="a">In German.</subfield></datafield><datafield ind1=" " ind2=" " tag="580"><subfield code="a">Formed by the union of: Grand Island Anzeiger, and: Herold (Grand Island, Neb.).</subfield></datafield><datafield ind1=" " ind2=" " tag="580"><subfield code="a">Merged with: Nebraska Staats-Anzeiger, to form: Nebraska Staats-Anzeiger und Herold.</subfield></datafield><datafield ind1=" " ind2=" " tag="533"><subfield code="a">Microfilm.</subfield><subfield code="m">1893-1901:[Lacks 9. Okt. 1896 and 9. Nov. 1900]</subfield><subfield code="b">Lincoln, Neb. :</subfield><subfield code="c">Nebraska State Historical Society,</subfield><subfield code="d">1976.</subfield><subfield code="e">5 microfilm reels ; 35 mm.</subfield></datafield><datafield ind1=" " ind2="0" tag="650"><subfield code="a">Germans</subfield><subfield code="z">Nebraska</subfield><subfield code="z">Grand Island</subfield><subfield code="v">Newspapers.</subfield></datafield><datafield ind1=" " ind2="0" tag="650"><subfield code="a">German Americans</subfield><subfield code="z">Nebraska</subfield><subfield code="z">Grand Island</subfield><subfield code="v">Newspapers.</subfield></datafield><datafield ind1=" " ind2="0" tag="650"><subfield code="a">German American newspapers.</subfield></datafield><datafield ind1=" " ind2="7" tag="655"><subfield code="a">Newspapers.</subfield><subfield code="2">fast</subfield><subfield code="0">(OCoLC)fst01423814</subfield></datafield><datafield ind1=" " ind2="7" tag="650"><subfield code="a">German American newspapers.</subfield><subfield code="2">fast</subfield><subfield code="0">(OCoLC)fst00941297</subfield></datafield><datafield ind1=" " ind2="7" tag="650"><subfield code="a">German Americans.</subfield><subfield code="2">fast</subfield><subfield code="0">(OCoLC)fst00941308</subfield></datafield><datafield ind1=" " ind2="7" tag="650"><subfield code="a">Germans.</subfield><subfield code="2">fast</subfield><subfield code="0">(OCoLC)fst00942100</subfield></datafield><datafield ind1=" " ind2="7" tag="651"><subfield code="a">Nebraska</subfield><subfield code="z">Grand Island.</subfield><subfield code="2">fast</subfield><subfield code="0">(OCoLC)fst01217338</subfield></datafield><datafield ind1=" " ind2=" " tag="752"><subfield code="a">United States</subfield><subfield code="b">Nebraska</subfield><subfield code="c">Hall</subfield><subfield code="d">Grand Island.</subfield></datafield><datafield ind1="1" ind2="4" tag="780"><subfield code="t">Grand Island Anzeiger</subfield><subfield code="w">(DLC)sn 95069288</subfield></datafield><datafield ind1="1" ind2="4" tag="780"><subfield code="t">Herold (Grand island, Neb.)</subfield><subfield code="w">(DLC)sn 95069451</subfield></datafield><datafield ind1="1" ind2="7" tag="785"><subfield code="t">Nebraska Staats-Anzeiger</subfield><subfield code="w">(DLC)sn 95069452</subfield></datafield><datafield ind1="1" ind2="7" tag="785"><subfield code="t">Nebraska Staats-Anzeiger und Herold</subfield><subfield code="w">(DLC)sn 95069290</subfield></datafield></record>